@article{frishberg2019cell,
  title={Cell composition analysis of bulk genomics using single-cell data},
  author={Frishberg, Amit and Peshes-Yaloz, Naama and Cohn, Ofir and Rosentul, Diana and Steuerman, Yael and Valadarsky, Liran and Yankovitz, Gal and Mandelboim, Michal and Iraqi, Fuad A and Amit, Ido and others},
  journal={Nature Methods},
  pages={1},
  year={2019},
  publisher={Nature Publishing Group}
}

@article{buttner2019test,
  title={A test metric for assessing single-cell RNA-seq batch correction},
  author={B{\"u}ttner, Maren and Miao, Zhichao and Wolf, F Alexander and Teichmann, Sarah A and Theis, Fabian J},
  journal={Nature Methods},
  volume={16},
  number={1},
  pages={43},
  year={2019},
  publisher={Nature Publishing Group}
}

@article{zappia2017splatter,
  title={Splatter: simulation of single-cell {RNA} sequencing data},
  author={Zappia, Luke and Phipson, Belinda and Oshlack, Alicia},
  journal={Genome Biology},
  volume={18},
  number={1},
  pages={174},
  year={2017},
  publisher={BioMed Central}
}

@article{jindal2018discovery,
  title={Discovery of rare cells from voluminous single cell expression data},
  author={Jindal, Aashi and Gupta, Prashant and Sengupta, Debarka and others},
  journal={Nature Communications},
  volume={9},
  number={1},
  pages={4719},
  year={2018},
  publisher={Nature Publishing Group}
}

@article{mcinnes2018umap,
  title={{UMAP}: Uniform manifold approximation and projection for dimension reduction},
  author={McInnes, Leland and Healy, John and Melville, James},
  journal={arXiv preprint arXiv:1802.03426},
  year={2018}
}

@article{becht2019dimensionality,
  title={Dimensionality reduction for visualizing single-cell data using {UMAP}},
  author={Becht, Etienne and McInnes, Leland and Healy, John and Dutertre, Charles-Antoine and Kwok, Immanuel WH and Ng, Lai Guan and Ginhoux, Florent and Newell, Evan W},
  journal={Nature Biotechnology},
  volume={37},
  number={1},
  pages={38},
  year={2019},
  publisher={Nature Publishing Group}
}


@article{guttman1984r,
author = {Guttman, Antonin},
title = {R-{Trees}: {A} dynamic index structure for spatial searching},
year = {1984},
issue_date = {June 1984},
publisher = {Association for Computing Machinery},
address = {New York, NY, USA},
volume = {14},
number = {2},
issn = {0163-5808},
url = {https://doi.org/10.1145/971697.602266},
journal = {SIGMOD Record},
pages = {47–57},
numpages = {11}
}



@inproceedings{gionis1999similarity,
  title={Similarity search in high dimensions via hashing},
  author={Gionis, Aristides and Indyk, Piotr and Motwani, Rajeev and others},
  booktitle={Proceedings of the Twenty Fifth VLDB Conference},
  volume={99},
  number={6},
  pages={518--529},
  year={1999}
}



@inproceedings{krauthgamer2004navigating,
author = {Krauthgamer, Robert and Lee, James R.},
title = {Navigating nets: simple algorithms for proximity search},
year = {2004},
isbn = {089871558X},
booktitle = {Proceedings of the Fifteenth Annual ACM-SIAM Symposium on Discrete Algorithms},
pages = {798–807},
numpages = {10},
location = {New Orleans, Louisiana}
}



@article{lv2006ferret,
  title={Ferret: a toolkit for content-based similarity search of feature-rich data},
  author={Lv, Qin and Josephson, William and Wang, Zhe and Charikar, Moses and Li, Kai},
  journal={ACM SIGOPS Operating Systems Review},
  volume={40},
  number={4},
  pages={317--330},
  year={2006},
  publisher={ACM}
}

@inproceedings{wang2007sizing,
  title={Sizing sketches: a rank-based analysis for similarity search},
  author={Wang, Zhe and Dong, Wei and Josephson, William and Lv, Qin and Charikar, Moses and Li, Kai},
  booktitle={ACM SIGMETRICS Performance Evaluation Review},
  volume={35},
  number={1},
  pages={157--168},
  year={2007}
}

@article{treutlein2014reconstructing,
  title={Reconstructing lineage hierarchies of the distal lung epithelium using single-cell RNA-seq},
  author={Treutlein, Barbara and Brownfield, Doug G and Wu, Angela R and Neff, Norma F and Mantalas, Gary L and Espinoza, F Hernan and Desai, Tushar J and Krasnow, Mark A and Quake, Stephen R},
  journal={Nature},
  volume={509},
  number={7500},
  pages={371},
  year={2014},
  publisher={Nature Publishing Group}
}
@article{usoskin2015unbiased,
  title={Unbiased classification of sensory neuron types by large-scale single-cell RNA sequencing},
  author={Usoskin, Dmitry and Furlan, Alessandro and Islam, Saiful and Abdo, Hind and L{\"o}nnerberg, Peter and Lou, Daohua and Hjerling-Leffler, Jens and Haeggstr{\"o}m, Jesper and Kharchenko, Olga and Kharchenko, Peter V and others},
  journal={Nature Neuroscience},
  volume={18},
  number={1},
  pages={145},
  year={2015},
  publisher={Nature Publishing Group}
}
@article{dalerba2011single,
  title={Single-cell dissection of transcriptional heterogeneity in human colon tumors},
  author={Dalerba, Piero and Kalisky, Tomer and Sahoo, Debashis and Rajendran, Pradeep S and Rothenberg, Michael E and Leyrat, Anne A and Sim, Sopheak and Okamoto, Jennifer and Johnston, Darius M and Qian, Dalong and others},
  journal={Nature Biotechnology},
  volume={29},
  number={12},
  pages={1120},
  year={2011},
  publisher={Nature Publishing Group}
}
@article{maaten2008visualizing,
  title={Visualizing data using t-{SNE}},
  author={Maaten, Laurens van der and Hinton, Geoffrey},
  journal={Journal of Machine Learning Research},
  volume={9},
  pages={2579--2605},
  year={2008}
}
@article{amir2013visne,
  title={{viSNE} enables visualization of high dimensional single-cell data and reveals phenotypic heterogeneity of leukemia},
  author={Amir, El-ad David and Davis, Kara L and Tadmor, Michelle D and Simonds, Erin F and Levine, Jacob H and Bendall, Sean C and Shenfeld, Daniel K and Krishnaswamy, Smita and Nolan, Garry P and Pe'er, Dana},
  journal={Nature Biotechnology},
  volume={31},
  number={6},
  pages={545},
  year={2013},
  publisher={Nature Publishing Group}
}
@article{grun2015single,
  title={Single-cell messenger {RNA} sequencing reveals rare intestinal cell types},
  author={Gr{\"u}n, Dominic and Lyubimova, Anna and Kester, Lennart and Wiebrands, Kay and Basak, Onur and Sasaki, Nobuo and Clevers, Hans and van Oudenaarden, Alexander},
  journal={Nature},
  volume={525},
  number={7568},
  pages={251},
  year={2015},
  publisher={Nature Publishing Group}
}

@article{zheng2017massively,
  title={Massively parallel digital transcriptional profiling of single cells},
  author={Zheng, Grace XY and Terry, Jessica M and Belgrader, Phillip and Ryvkin, Paul and Bent, Zachary W and Wilson, Ryan and Ziraldo, Solongo B and Wheeler, Tobias D and McDermott, Geoff P and Zhu, Junjie and others},
  journal={Nature Communications},
  volume={8},
  pages={14049},
  year={2017},
  publisher={Nature Publishing Group}
}

@article{ding2019systematic,
  title={Systematic comparative analysis of single cell {RNA}-sequencing methods},
  author={Ding, Jiarui and Adiconis, Xian and Simmons, Sean K and Kowalczyk, Monika S and Hession, Cynthia C and Marjanovic, Nemanja D and Hughes, Travis K and Wadsworth, Marc H and Burks, Tyler and Nguyen, Lan T and others},
  journal={BioRxiv},
  pages={632216},
  year={2019},
  publisher={Cold Spring Harbor Laboratory}
}

@article{zeisel2015cell,
  title={Cell types in the mouse cortex and hippocampus revealed by single-cell {RNA}-seq},
  author={Zeisel, Amit and Mu{\~n}oz-Manchado, Ana B and Codeluppi, Simone and L{\"o}nnerberg, Peter and La Manno, Gioele and Jur{\'e}us, Anna and Marques, Sueli and Munguba, Hermany and He, Liqun and Betsholtz, Christer and others},
  journal={Science},
  volume={347},
  number={6226},
  pages={1138--1142},
  year={2015},
  publisher={American Association for the Advancement of Science}
}

@article{stuart2019comprehensive,
  title={Comprehensive Integration of Single-Cell Data},
  author={Stuart, Tim and Butler, Andrew and Hoffman, Paul and Hafemeister, Christoph and Papalexi, Efthymia and Mauck III, William M and Hao, Yuhan and Stoeckius, Marlon and Smibert, Peter and Satija, Rahul},
  journal={Cell},
  year={2019},
  publisher={Elsevier}
}

@article{waltman2013smart,
  title={A smart local moving algorithm for large-scale modularity-based community detection},
  author={Waltman, Ludo and Van Eck, Nees Jan},
  journal={The European Physical Journal B},
  volume={86},
  number={11},
  pages={471},
  year={2013},
  publisher={Springer}
}

@article{tang2009mrna,
  title={{mRNA}-Seq whole-transcriptome analysis of a single cell},
  author={Tang, Fuchou and Barbacioru, Catalin and Wang, Yangzhou and Nordman, Ellen and Lee, Clarence and Xu, Nanlan and Wang, Xiaohui and Bodeau, John and Tuch, Brian B and Siddiqui, Asim and others},
  journal={Nature Methods},
  volume={6},
  number={5},
  pages={377},
  year={2009},
  publisher={Nature Publishing Group}
}

@article{stegle2015computational,
  title={Computational and analytical challenges in single-cell transcriptomics},
  author={Stegle, Oliver and Teichmann, Sarah A and Marioni, John C},
  journal={Nature Reviews Genetics},
  volume={16},
  number={3},
  pages={133--145},
  year={2015},
  publisher={Nature Publishing Group}
}

@article{wagner2016revealing,
  title={Revealing the vectors of cellular identity with single-cell genomics},
  author={Wagner, Allon and Regev, Aviv and Yosef, Nir},
  journal={Nature Biotechnology},
  volume={34},
  number={11},
  pages={1145},
  year={2016},
  publisher={Nature Publishing Group}
}

@article{pierson2015zifa,
  title={{ZIFA}: Dimensionality reduction for zero-inflated single-cell gene expression analysis},
  author={Pierson, Emma and Yau, Christopher},
  journal={Genome Biology},
  volume={16},
  number={1},
  pages={241},
  year={2015},
  publisher={BioMed Central}
}

@article{tenenbaum2000global,
  title={A global geometric framework for nonlinear dimensionality reduction},
  author={Tenenbaum, Joshua B and De Silva, Vin and Langford, John C},
  journal={Science},
  volume={290},
  number={5500},
  pages={2319--2323},
  year={2000},
  publisher={American Association for the Advancement of Science}
}

@article{coifman2005geometric,
  title={Geometric diffusions as a tool for harmonic analysis and structure definition of data: diffusion maps},
  author={Coifman, Ronald R and Lafon, Stephane and Lee, Ann B and Maggioni, Mauro and Nadler, Boaz and Warner, Frederick and Zucker, Steven W},
  journal={Proceedings of the National Academy of Sciences},
  volume={102},
  number={21},
  pages={7426--7431},
  year={2005},
  publisher={National Acad Sciences}
}

@article{linderman2019fast,
  title={Fast interpolation-based t-{SNE} for improved visualization of single-cell {RNA}-seq data},
  author={Linderman, George C and Rachh, Manas and Hoskins, Jeremy G and Steinerberger, Stefan and Kluger, Yuval},
  journal={Nature Methods},
  volume={16},
  number={3},
  pages={243},
  year={2019},
  publisher={Nature Publishing Group}
}

@article{kobak2019art,
  title={The art of using t-{SNE} for single-cell transcriptomics},
  author={Kobak, Dmitry and Berens, Philipp},
  journal={Nature Communications},
  volume={10},
  number={1},
  pages={1--14},
  year={2019},
  publisher={Nature Publishing Group UK}
}

@article{ding2018interpretable,
  title={Interpretable dimensionality reduction of single cell transcriptome data with deep generative models},
  author={Ding, Jiarui and Condon, Anne and Shah, Sohrab P},
  journal={Nature Communications},
  volume={9},
  number={1},
  pages={2002},
  year={2018},
  publisher={Nature Publishing Group}
}

@article{kim2018impact,
  title={Impact of similarity metrics on single-cell {RNA}-seq data clustering},
  author={Kim, Taiyun and Chen, Irene Rui and Lin, Yingxin and Wang, Andy Yi-Yang and Yang, Jean Yee Hwa and Yang, Pengyi},
  journal={Briefings in Bioinformatics},
  year={2018}
}

@inproceedings{liu2005investigation,
  title={An investigation of practical approximate nearest neighbor algorithms},
  author={Liu, Ting and Moore, Andrew W and Yang, Ke and Gray, Alexander G},
  booktitle={Advances in Neural Information Processing Systems},
  pages={825--832},
  year={2005}
}


@article{vento2018single,
  title={Single-cell reconstruction of the early maternal--fetal interface in humans},
  author={Vento-Tormo, Roser and Efremova, Mirjana and Botting, Rachel A and Turco, Margherita Y and Vento-Tormo, Miquel and Meyer, Kerstin B and Park, Jong-Eun and Stephenson, Emily and Pola{\'n}ski, Krzysztof and Goncalves, Angela and others},
  journal={Nature},
  volume={563},
  number={7731},
  pages={347},
  year={2018},
  publisher={Nature Publishing Group}
}


@article{breiman2001random,
  title={Random forests},
  author={Breiman, Leo},
  journal={Machine Learning},
  volume={45},
  number={1},
  pages={5--32},
  year={2001},
  publisher={Springer}
}

@article{patel2014single,
  title={Single-cell {RNA}-seq highlights intratumoral heterogeneity in primary glioblastoma},
  author={Patel, Anoop P and Tirosh, Itay and Trombetta, John J and Shalek, Alex K and Gillespie, Shawn M and Wakimoto, Hiroaki and Cahill, Daniel P and Nahed, Brian V and Curry, William T and Martuza, Robert L and others},
  journal={Science},
  volume={344},
  number={6190},
  pages={1396--1401},
  year={2014},
  publisher={American Association for the Advancement of Science}
}

@InProceedings{bottousgd2010,
author="Bottou, L{\'e}on",
title="Large-Scale Machine Learning with Stochastic Gradient Descent",
booktitle="Proceedings of COMPSTAT'2010",
year="2010",
pages="177--186",
abstract="During the last decade, the data sizes have grown faster than the speed of processors. In this context, the capabilities of statistical machine learning methods is limited by the computing time rather than the sample size. A more precise analysis uncovers qualitatively different tradeoffs for the case of small-scale and large-scale learning problems. The large-scale case involves the computational complexity of the underlying optimization algorithm in non-trivial ways. Unlikely optimization algorithms such as stochastic gradient descent show amazing performance for large-scale problems. In particular, second order stochastic gradient and averaged stochastic gradient are asymptotically efficient after a single pass on the training set.",
isbn="978-3-7908-2604-3"
}

@inproceedings{beygelzimer2006cover,
  title={Cover trees for nearest neighbor},
  author={Beygelzimer, Alina and Kakade, Sham and Langford, John},
  booktitle={Proceedings of the 23rd International Conference on Machine Learning},
  pages={97--104},
  year={2006}
}

@article{wyner2017explaining,
  title={Explaining the success of adaboost and random forests as interpolating classifiers},
  author={Wyner, Abraham J and Olson, Matthew and Bleich, Justin and Mease, David},
  journal={The Journal of Machine Learning Research},
  volume={18},
  number={1},
  pages={1558--1590},
  year={2017},
  publisher={JMLR. org}
}

@inproceedings{mikolov2013distributed,
  title={Distributed representations of words and phrases and their compositionality},
  author={Mikolov, Tomas and Sutskever, Ilya and Chen, Kai and Corrado, Greg S and Dean, Jeff},
  booktitle={Advances in Neural Information Processing Systems},
  pages={3111--3119},
  year={2013}
}

@inproceedings{tang2016visualizing,
  title={Visualizing large-scale and high-dimensional data},
  author={Tang, Jian and Liu, Jingzhou and Zhang, Ming and Mei, Qiaozhu},
  booktitle={Proceedings of the 25th International Conference on World Wide Web},
  pages={287--297},
  year={2016}
}

@manual{rspectra,
    title = {RSpectra: solvers for large-scale eigenvalue and SVD problems},
    author = {Yixuan Qiu and Jiali Mei},
    note = {R package version 0.15-0},
    url = {https://CRAN.R-project.org/package=RSpectra},
    year = {2019}
  }

@article {Tran799817,
	author = {Tran, Duc and Nguyen, Hung and Tran, Bang and Nguyen, Tin},
	title = {Fast and precise single-cell data analysis using hierarchical autoencoder},
	elocation-id = {799817},
	year = {2019},
	doi = {10.1101/799817},
	publisher = {Cold Spring Harbor Laboratory},
	abstract = {A primary challenge in single-cell RNA sequencing (scRNA-seq) studies comes from the massive amount of data and the excess noise level. To address this challenge, we introduce a hierarchical autoencoder that reliably extracts representative information of each cell. In an extensive analysis, we demonstrate that the approach vastly outperforms state-of-the-art techniques in many research sub-fields of scRNA-seq analysis, including cell segregation through unsupervised learning, visualization of transcriptome landscape, cell classification, and pseudo-time inference.},
	URL = {https://www.biorxiv.org/content/early/2019/10/10/799817},
	eprint = {https://www.biorxiv.org/content/early/2019/10/10/799817.full.pdf},
	journal = {bioRxiv}
}

@article{wang2019comparative,
  title={Comparative analysis of differential gene expression analysis tools for single-cell {RNA} sequencing data},
  author={Wang, Tianyu and Li, Boyang and Nelson, Craig E and Nabavi, Sheida},
  journal={BMC Bioinformatics},
  volume={20},
  number={1},
  pages={40},
  year={2019},
  publisher={BioMed Central}
}

@article{ashburner2000gene,
  title={Gene ontology: tool for the unification of biology},
  author={Ashburner, Michael and Ball, Catherine A and Blake, Judith A and Botstein, David and Butler, Heather and Cherry, J Michael and Davis, Allan P and Dolinski, Kara and Dwight, Selina S and Eppig, Janan T and others},
  journal={Nature Genetics},
  volume={25},
  number={1},
  pages={25},
  year={2000},
  publisher={Nature Publishing Group}
}

@article{mi2018panther,
  title={{PANTHER} version 14: more genomes, a new {PANTHER} {GO}-slim and improvements in enrichment analysis tools},
  author={Mi, Huaiyu and Muruganujan, Anushya and Ebert, Dustin and Huang, Xiaosong and Thomas, Paul D},
  journal={Nucleic Acids Research},
  volume={47},
  number={D1},
  pages={D419--D426},
  year={2018},
  publisher={Oxford University Press}
}

@article{cooper2015early,
  title={The early history of {B} cells},
  author={Cooper, Max D},
  journal={Nature Reviews Immunology},
  volume={15},
  number={3},
  pages={191},
  year={2015},
  publisher={Nature Publishing Group}
}

@article{de2004severe,
  title={Severe combined immunodeficiency caused by deficiency in either the $\delta$ or the $\varepsilon$ subunit of CD3},
  author={de Saint Basile, Genevi{\`e}ve and Geissmann, Fr{\'e}d{\'e}ric and Flori, Elisabeth and Uring-Lambert, B{\'e}atrice and Soudais, Claire and Cavazzana-Calvo, Marina and Durandy, Anne and Jabado, Nada and Fischer, Alain and Le Deist, Fran{\c{c}}oise},
  journal={The Journal of Clinical Investigation},
  volume={114},
  number={10},
  pages={1512--1517},
  year={2004},
  publisher={Am Soc Clin Investig}
}

@article{li2017interleukin,
  title={Interleukin-1$\beta$ pre-treated bone marrow stromal cells alleviate neuropathic pain through {CCL7}-mediated inhibition of microglial activation in the spinal cord},
  author={Li, Jian and Deng, Guoying and Wang, Haowei and Yang, Mei and Yang, Rui and Li, Xiangnan and Zhang, Xiaoping and Yuan, Hongbin},
  journal={Scientific Reports},
  volume={7},
  pages={42260},
  year={2017},
  publisher={Nature Publishing Group}
}

@article{butovsky2014identification,
  title={Identification of a unique {TGF}-$\beta$--dependent molecular and functional signature in microglia},
  author={Butovsky, Oleg and Jedrychowski, Mark P and Moore, Craig S and Cialic, Ron and Lanser, Amanda J and Gabriely, Galina and Koeglsperger, Thomas and Dake, Ben and Wu, Pauline M and Doykan, Camille E and others},
  journal={Nature Neuroscience},
  volume={17},
  number={1},
  pages={131},
  year={2014},
  publisher={Nature Publishing Group}
}
@article{asuni2014analysis,
  title={Analysis of the hippocampal proteome in {ME7} prion disease reveals a predominant astrocytic signature and highlights the brain-restricted production of clusterin in chronic neurodegeneration},
  author={Asuni, Ayodeji A and Gray, Bryony and Bailey, Joanne and Skipp, Paul and Perry, V Hugh and O'Connor, Vincent},
  journal={Journal of Biological Chemistry},
  volume={289},
  number={7},
  pages={4532--4545},
  year={2014},
  publisher={ASBMB}
}
@article{yun2015prdx6,
  title={{PRDX6} controls multiple sclerosis by suppressing inflammation and blood brain barrier disruption},
  author={Yun, Hyung-Mun and Park, Kyung-Ran and Kim, Eun-Cheol and Hong, Jin Tae},
  journal={Oncotarget},
  volume={6},
  number={25},
  pages={20875},
  year={2015},
  publisher={Impact Journals, LLC}
}
@article{haidet2011astrocytes,
  title={Astrocytes from familial and sporadic {ALS} patients are toxic to motor neurons},
  author={Haidet-Phillips, Amanda M and Hester, Mark E and Miranda, Carlos J and Meyer, Kathrin and Braun, Lyndsey and Frakes, Ashley and Song, SungWon and Likhite, Shibi and Murtha, Matthew J and Foust, Kevin D and others},
  journal={Nature Biotechnology},
  volume={29},
  number={9},
  pages={824},
  year={2011},
  publisher={Nature Publishing Group}
}